@Article{Leish:Sweave,
  author       = {Friedrish Leisch},
  title	       = {Sweave: Dynamic generation of statistical reports using litterate data analysis},
  editors      = {W. H\¨{a}rdle and B. R\¨{o}nz},
  journal      = {Compstat 2002 Proceddings in Computational Statistics},
  year	       = 2002,
  pages	       = {575--580},
  isbn         = {3-7908-1517-3.21},
  url	       = {http://www.ci.tuwien.ac.at/~leisch/Sweave}
}

